@book{bib:MiesslerFischerTarr,
    title = {Inorganic Chemistry},
    author = {Gary L. Miessler and Paul J. Fischer and Donald A. Tarr},
    publisher = {Pearson Education},
    address = {1 Lake Street, Upper Saddle River, NJ 07458},
    year = {2014},
    edition = {fifth}
}

@online{bib:APChemNotes,
    title = {{AP} Chemistry Notes},
    author = {Steven Labalme},
    year = {2020},
    url = {https://github.com/shadypuck/APChemNotes/blob/master/main.pdf},
    version = {Accessed 22 December 2020.}
}

@online{bib:CAAGThomasNotes,
    title = {{CAAG Thomas} Notes},
    author = {Steven Labalme},
    year = {2020},
    url = {https://github.com/shadypuck/CAAGThomasNotes/blob/master/main.pdf},
    version = {Accessed 25 December 2020.}
}